\usepackage{url}


@article{guillaumin2009you,
  title={{Is that you? Metric learning approaches for face identification}},
  author={Guillaumin, M. and Verbeek, J. and Schmid, C.},
  journal={ICCV},
  year={2009}
}

@article{cao2010face,
  title={{Face recognition with learning-based descriptor}},
  author={Cao, Z. and Yin, Q. and Tang, X. and Sun, J.},
  journal={CVPR},
  year={2010}
}

@article{turk1991face,
  title={{Face recognition using eigenfaces}},
  author={Turk, M. and Pentland, A.},
  journal={CVPR},
  year={1991}
}

@article{zhao2003face,
  title={{Face recognition: A literature survey}},
  author={Zhao, W. and Chellappa, R. and Phillips, PJ and Rosenfeld, A.},
  journal={ACM Computing Surveys},
  year={2003}
}

@article{hua2009robust,
  title={{A robust elastic and partial matching metric for face recognition}},
  author={Hua, G. and Akbarzadeh, A.},
  journal={ICCV},
  year={2009}
}

@article{belhumeur2002eigenfaces,
  title={{Eigenfaces vs. fisherfaces: Recognition using class specific linear projection}},
  author={Belhumeur, P.N. and Hespanha, J.P. and Kriegman, D.J.},
  journal={PAMI},
  year={2002}
}

@article{he2005face,
  title={{Face recognition using laplacianfaces}},
  author={He, X. and Yan, S. and Hu, Y. and Niyogi, P. and Zhang, H.J.},
  journal={PAMI},
  year={2005}
}

@article{hua2007face,
  title={{Face recognition using discriminatively trained orthogonal rank one tensor projections}},
  author={Hua, G. and Viola, P.A. and Drucker, S.M.},
  journal={CVPR},
  year={2007}
}

@article{wright2009implicit,
  title={{Implicit elastic matching with random projections for pose-variant face recognition}},
  author={Wright, J. and Hua, G.},
  journal={CVPR},
  year={2009},
}

@article{yang2002kernel,
  title={{Kernel Eigenfaces vs. Kernel Fisherfaces: Face Recognition Using Kernel Methods}},
  author={Yang, M.H.},
  journal={FG},
  year={2002}
}

@article{zou2007comparative,
  title={{A Comparative Study of Local Matching Approach for Face Recognition}},
  author={Zou, J. and Ji, Q. and Nagy, G.},
  journal={IEEE Transactions on Image Processing},
  year={2007}
}

@article{vasilescu2002multilinear,
  title={{Multilinear image analysis for facial recognition}},
  author={Vasilescu, M. and Terzopoulos, D.},
  journal={ICPR},
  year={2002}
}

@article{pentland1994view,
  title={{View-based and modular eigenspaces for face recognition}},
  author={Pentland, A. and Moghaddam, B. and Starner, T.},
  journal={CVPR},
  year={1994}
}

@article{nov2008drives,
	author = {Nov, O. and Naaman, M. and Ye, C.},
	Date-Added = {2009-10-22 05:53:55 -0400},
	Date-Modified = {2009-10-22 05:54:45 -0400},
	Journal = {Proc. SIGCHI conference on human factors in computing systems},
	Title = {What drives content tagging: the case of photos on Flickr},
	Year = {2008}}
@inproceedings{1149949,
	Author = {Cameron Marlow and Mor Naaman and Danah Boyd and Marc Davis},
	journal = {Proc.~Conf.~on Hypertext and Hypermedia},
	Date-Added = {2008-10-29 01:41:47 -0400},
	Date-Modified = {2008-10-29 01:41:47 -0400},
	Doi = {http://doi.acm.org/10.1145/1149941.1149949},
	Isbn = {1-59593-417-0},
	Location = {Odense, Denmark},
	Pages = {31--40},
	Title = {{HT06, Tagging Paper, Taxonomy, Flickr, Academic Article, To Read}},
	Year = {2006},
	Bdsk-Url-1 = {http://doi.acm.org/10.1145/1149941.1149949}}

@inproceedings{ames2007wtm,
	Author = {Ames, M. and Naaman, M.},
	Booktitle = {Proc.~SIGCHI Conf.~on Human Factors in Computing Systems},
	Pages = {971--980},
	Title = {{Why We Tag: Motivations for Annotation in Mobile and Online Media}},
	Year = {2007}}



@conference{stone2008afs,
	Author = {Stone, Z. and Zickler, T. and Darrell, T.},
	Booktitle = {Proc.~First IEEE Workshop on Internet Vision},
	Title = {{Autotagging Facebook: Social Network Context Improves Photo Annotation}},
	Year = {2008}}

 @article{stone2010tls,
	Author = {Stone, Z. and Zickler, T. and Darrell, T.},
	Booktitle = {Proc.~IEEE Special Edition on Internet Vision (To Appear)},
	Title = {{Toward Large-Scale Face Recognition Using Social Network Context}},
	Year = {2010}}

@article{ahonen2004face,
  title={{Face Recognition with Local Binary Patterns}},
  author={Ahonen, T. and Hadid, A. and Pietikainen, M.},
  journal={ECCV},
  year={2004},
}

@article{luo2007person,
  title={{Person-specific SIFT features for face recognition}},
  author={Luo, J. and Ma, Y. and Takikawa, E. and Lao, S. and Kawade, M. and Lu, B.L.},
  journal={ICASSP},
  year={2007}
}

@article{albiol2008face,
  title={{Face recognition using HOG-EBGM}},
  author={Albiol, A. and Monzo, D. and Martin, A. and Sastre, J. and Albiol, A.},
  journal={Pattern Recognition Letters},
  year={2008},
}

@article{ahonen2006face,
  title={{Face description with local binary patterns: Application to face recognition}},
  author={Ahonen, T. and Hadid, A. and others},
  journal={PAMI},
  year={2006},
}

@article{dalal2005hog,
  title={{Histograms of oriented gradients for human detection}},
  author={Dalal, N. and Triggs, B.},
  journal={CVPR},
  year={2005}
}

@conference{everingham2006hello,
       Author = {Everingham, M. and Sivic, J. and Zisserman, A.},
       Booktitle = {Proceedings of the British Machine Vision Conference},
       Date-Added = {2010-03-15 03:45:11 -0400},
       Date-Modified = {2010-03-15 03:45:11 -0400},
       Organization = {Citeseer},
       Title = {Hello! my name is... buffy--automatic naming of characters in tv video},
       Volume = {2},
       Year = {2006}}

@conference{berg2004names,
       Author = {Berg, T. and Berg, A. and Edwards, J. and Maire, M. and White, R. and Teh, Y.W. and Learned-Miller, E. and Forsyth, D.},
       journal = {CVPR},
       Date-Added = {2010-03-15 03:43:34 -0400},
       Date-Modified = {2010-03-15 03:43:34 -0400},
       Organization = {IEEE Computer Society; 1999},
       Title = {Names and faces in the news},
       Volume = {2},
       Year = {2004}}

@conference{zhao2008large,
       Author = {Zhao, M. and Yagnik, J. and Adam, H. and Bau, D.},
       Booktitle = {Automatic Face and Gesture Recognition, 2008. FGR 2008. 8th Int. Conf. on},
       Date-Added = {2010-03-15 03:43:18 -0400},
       Date-Modified = {2010-03-15 03:43:18 -0400},
       Title = {Large scale learning and recognition of faces in web videos},
       Year = {2008}}

@conference{ramanan2007leveraging,
       Author = {Ramanan, D. and Baker, S. and Kakade, S.},
       journal = {ICCV},
       Date-Added = {2010-03-15 03:43:06 -0400},
       Date-Modified = {2010-03-15 03:43:06 -0400},
       Organization = {Citeseer},
       Title = {Leveraging archival video for building face datasets},
       Year = {2007}}

{
@article{pinto:eccv10,
author={N. Pinto and D. D. Cox},
title={{High-throughput screening of neuromorphic vision models in an unconstrained face recognition task}},
journal={Submitted to ECCV 2010},
year={2010},
}
}

@article{libsvm,
  author =	 {Chih-Chung Chang and Chih-Jen Lin},
  title =	 {{LIBSVM}: a library for support vector machines},
  year =	 {2001},
  note =	 {Software available at \url{http://bit.ly/2rwxl}}
}

@book{scholkopf2002learning,
  title={{Learning with kernels: Support vector machines, regularization, optimization, and beyond}},
  author={Scholkopf, B. and Smola, A.J.},
  year={2002},
  publisher={the MIT Press}
}

@article{rifkin2004defense,
  title={{In defense of one-vs-all classification}},
  author={Rifkin, R. and Klautau, A.},
  journal={JMLR},
  year={2004},
}

@article{sonnenburg2006lsm,
author={S. Sonnenburg and G. R{\"a}tsch and C. Sch{\"a}fer and B. Sch{\"o}lkopf},
title={{Large Scale Multiple Kernel Learning}},
journal={JMLR},
year={2006},
}

@article{pinto:plos09,
    author = {Pinto, Nicolas AND Doukhan, David AND DiCarlo, James J. AND Cox, David D.},
    journal = {PLoS Comput Biol},
    title = {A High-Throughput Screening Approach to Discovering Good Forms of Biologically Inspired Visual Representation},
    year = {2009},
}

@article{koray-cvpr-09,
 title = {Learning Invariant Features through Topographic Filter Maps},
 author = {Kavukcuoglu, Koray and Ranzato, Marc'Aurelio and Fergus, Rob and LeCun, Yann},
 journal = {CVPR},
 year = {2009},
}

@article{jarrett-iccv-09,
 title = {What is the Best Multi-Stage Architecture for Object Recognition?},
 author = {Jarrett, Kevin and Kavukcuoglu, Koray and Ranzato, Marc'Aurelio and LeCun, Yann},
 journal = {ICCV},
 year = {2009},
}

@article{balas:plos07,
  title={{The effect of real-world personal familiarity on the speed of face information processing}},
  author={Balas, B. and Cox, D. and Conwell, E.},
  journal={PloS One},
  volume={2},
  number={11},
  year={2007},
  publisher={Public Library of Science}
}

@article{kumar:iccv09,
author = {N. Kumar and A. C. Berg and P. N. Belhumeur and S. K. Nayar},
title = {{A}ttribute and {S}imile {C}lassifiers for {F}ace {V}erification},
journal = {ICCV},
year = {2009}
}

@article{lecun1995convolutional,
  title={{Convolutional networks for images, speech, and time series}},
  author={LeCun, Y. and Bengio, Y.},
  journal={The handbook of brain theory and neural networks},
  pages={255--258},
  year={1995},
  publisher={Citeseer}
}

@article{fukushima1980neocognitron,
  title={{Neocognitron: A self-organizing neural network model for a mechanism of pattern recognition unaffected by shift in position}},
  author={Fukushima, K.},
  journal={Biol Cybernetics},
  year={1980},
}

@article{serre2007ror,
  title={{Robust object recognition with cortex-like mechanisms}},
  author={Serre, T. and Wolf, L. and Bileschi, S. and Riesenhuber, M. and Poggio, T.},
  journal={PAMI},
  year={2007},
}

@article{Owens:2007:ASO,
  author = {John D. Owens and David Luebke and Naga Govindaraju
                  and Mark Harris and Jens Kr\"{u}ger and Aaron E.
                  Lefohn and Tim Purcell},
  title = {A Survey of General-Purpose Computation on Graphics
                  Hardware},
  journal = {Computer Graphics Forum},
   year = 2007,
   volume = 26,
   number = 1,
   month = mar,
   pages = {80--113},
   ucdcite = {a30}
 }

 @article{Owens:2008:GC,
   author = {John D. Owens and Mike Houston and David Luebke and
		   Simon Green and John E. Stone and James C. Phillips},
   title = {{GPU} Computing},
   journal = {Proceedings of the IEEE},
   month = may,
   year = 2008,
   volume = 96,
   number = 5,
   pages = {879--899},
   ucdcite = {b4},
 }

 @article{lindholm2008ntu,
   title={{NVIDIA Tesla: A unified graphics and computing architecture}},
   author={Lindholm, E. and Nickolls, J. and Oberman, S. and Montrym, J.},
   journal={IEEE Micro},
   volume={28},
   number={2},
   pages={39--55},
   year={2008}
 }


 @article{mooreslaw,
 title={{Cramming more components onto integrated circuits}},
 author={Moore Gordon, E.},
 journal={Electronics},
 volume={38},
 number={8},
 pages={114--117},
 year={1965}
 }

@article{FranWilbWisk2008b,
title={{Invariant Object Recognition with Slow Feature Analysis.}},
author={Mathias Franzius and Niko Wilbert and Laurenz Wiskott},
journal={Proc.\ 18th Intl.\ Conf.\ on Artificial Neural Networks, ICANN'08, Prague"},
year={2008},
}

 @article{rolls2000mio,
 title={{A Model of Invariant Object Recognition in the Visual System: Learning Rules, Activation Functions, Lateral Inhibition, and Information-Based Performance Measures}},
 author={Rolls, E. T. and Milward, T.},
 journal={Neural Computation},
 volume={12},
 number={11},
 pages={2547--2572},
 year={2000},
 publisher={MIT Press}
 }

 @article{pinto:plos08,
 author={Pinto, N. and Cox, D. D. and DiCarlo, J. J. },
 title={{Why is Real-World Visual Object Recognition Hard}},
 journal={PLoS Comput Biol},
 year={2008}
 }

 @article{pinto:eccv08,
 author={N. Pinto and J. J. DiCarlo and D. D. Cox},
 title={{Establishing Good Benchmarks and Baselines for Face Recognition}},
 journal={ECCV},
 year={2008},
 }

 @article{dicarlo:tics07,
 author={J. J. DiCarlo and D. D. Cox},
 title={{Untangling invariant object recognition}},
 journal={TICS},
 year={2007},
 }



 @article{shamir2008efd,
 author={L. Shamir},
 title={{Evaluation of Face Datasets as Tools for Assessing the Performance of Face Recognition Methods}},
 journal={IJCV},
 year={2008},
 }

 @article{kurzak2008php,
 title={{The PlayStation 3 for High-Performance Scientific Computing}},
 author={Kurzak, J. and Buttari, A. and Luszczek, P. and Dongarra, J.},
 journal={Computing in Science \& Engineering},
 volume={10},
 number={3},
 pages={84--87},
 year={2008}
 }

 @article{yang:scc,
 title={{Scientific Computing on Commodity Graphics Hardware}},
 author={Yang, R.},
 journal={Lecture Notes in Computer Science},
 pages={1100--1105},
 publisher={Springer},
 year={2004},
 }

 @article{foldiak1991lit,
 title={{Learning Invariance from Transformation Sequences}},
 author={Foldiak, P.},
 journal={Neural Computation},
 volume={3},
 number={2},
 pages={194--200},
 year={1991},
 publisher={MIT Press}
 }

 @article{einhauser2005lvi,
 title={{Learning viewpoint invariant object representations using a temporal coherence principle}},
 author={Einh{\"a}user, W. and Hipp, J. and Eggert, J. and K{\"o}rner, E. and K{\"o}nig, P.},
 journal={Biol Cybernetics},
 year={2005},
 }

 @article{cox2005bpi,
 title={{Breaking position-invariant object recognition}},
 author={Cox, D. D. and Meier, P. and Oertelt, N. and DiCarlo, J. J.},
 journal={Nature Neuroscience},
 volume={8},
 number={9},
 pages={1145},
 year={2005},
 publisher={Nature Publishing Group}
 }

 @article{li2008une,
 title={{Unsupervised Natural Experience Rapidly Alters Invariant Object Representation in Visual Cortex}},
 author={Li, N. and DiCarlo, J. J.},
 journal={Science},
 volume={321},
 number={5895},
 pages={1502},
 year={2008},
 publisher={AAAS}
 }


 @article{yao2001std,
 title={{Stimulus Timing-Dependent Plasticity in Cortical Processing of Orientation}},
 author={Yao, H. and Dan, Y.},
 journal={Neuron},
 volume={32},
 number={2},
 pages={315--323},
 year={2001},
 publisher={Elsevier}
 }

 @techreport{huang:lfwold,
 author={G. B. Huang and M. Ramesh  and T. Berg and E. Learned-Miller},
 title={{Labeled Faces in the Wild: A Database for Studying Face Recognition in Unconstrained Environments}},
 institution={07-49, UMass Amherst},
 year={2007},
 }

 @article{huang:lfw,
 author={G. B. Huang and M. Ramesh  and T. Berg and E. Learned-Miller},
 title={{Labeled Faces in the Wild}},
 journal={TR UMass},
 year={2007},
 }

 @article{feifei2007lgv,
 author={L. Fei-Fei and R. Fergus and P. Perona},
 title={{Learning generative visual models from few training examples: an incremental Bayesian approach tested on 101 object categories}},
 journal={CVPR},
 year={2004},
 }

 @article{pinto:cvpr09,
 author={N. Pinto and J. J. DiCarlo and D. D. Cox},
 title={{How far can you get with a modern face recognition test set using only simple features?}},
 journal={CVPR},
 year={2009},
 }

 @article{caltech256,
 Author = {G. Griffin and A. Holub and P. Perona},
 Title = {The Caltech-256 Object Category Dataset},
 journal = {TR Caltech},
 Year = {2007},
 }

 @article{ponce2006dio,
 title={{Dataset Issues in Object Recognition}},
 author={Ponce, J. and Berg, T. L. and Everingham, M. and Forsyth, D. A. and Hebert, M. and Lazebnik, S. and Marszalek, M. and Schmid, C. and Russell, B. C. and Torralba, A. and others},
 journal={Lecture Notes in Computer Science},
 volume={4170},
 pages={29},
 year={2006},
 publisher={Springer}
 }

 @article{mutch2008ocr,
   title={{Object class recognition and localization using sparse features with limited receptive fields}},
   author={Mutch, J. and Lowe, D. G.},
   journal={IJCV},
   year={2008},
 }

 @article{sift,
   title={{Distinctive image features from scale-invariant keypoints}},
   author={Lowe, D. G.},
   journal={IJCV},
   year={2004},
 }

 @article{phow,
   title={{Beyond bags of features: Spatial pyramid matching for recognizing natural scene categories}},
   author={Lazebnik, S. and Schmid, C. and Ponce, J.},
   journal={CVPR},
   year={2006}
 }

 @article{phog,
   title={{Representing shape with a spatial pyramid kernel}},
   author={Bosch, A. and Zisserman, A. and Munoz, X.},
   journal={CIVR},
   year={2007},
 }

@article{gehler:iccv09,
 author = {Gehler, P. and Nowozin, S.},
 title = {On Feature Combination for Multiclass Object Classification},
 journal = {ICCV},
 year = {2009}
}

 @article{gb,
   title={{Geometric blur and template matching}},
   author={Berg, A. C. and Malik, J.},
   journal={CVPR},
   year={2001},
 }

@article{gross2009multi,
  title={{Multi-PIE}},
  author={Gross, R. and Matthews, I. and Cohn, J. and Kanade, T. and Baker, S.},
  journal={Image and Vision Computing},
  year={2009},
  publisher={Elsevier}
}

 @book{ga,
  title={{Multi-Objective Optimization Using Evolutionary Algorithms}},
  author={Deb, K.},
  year={2001},
  publisher={Wiley}
}

@article{simulated_annealing,
    author = {Rutenbar, R.A.},
    title = {{Simulated annealing algorithms: An overview}},
    journal = {IEEE Circuits and Devices Magazine},
    year = {1989},
    volume = {5},
    number = {1},
    pages = {19--26}
}

@article{particle_swarm,
    author = {Kennedy, J. and Eberhart, R.},
    title = {{Particle swarm optimization}},
    journal = {ICNN},
    year = {1995}
}

@book{haykin1998nnc,
  title={{Neural Networks: A Comprehensive Foundation}},
  author={Haykin, S.},
  year={1998},
  publisher={Prentice Hall PTR Upper Saddle River, NJ, USA}
}

@book{rolls2002cnv,
  title={{Computational neuroscience of vision}},
  author={Rolls, E. T. and Deco, G.},
  year={2002},
  publisher={Oxford Univ Press}
}


@misc{orl,
author={{ORL Face Set}},
title="http://www.cl.cam.ac.uk/Research/DTG/ attarchive/facedatabase.html",
key={Z},
year={Accessed 06/20/2010},
}

@misc{yale,
author={{Yale Face Set}},
title="http://cvc.yale.edu",
key={Z},
year={Accessed 06/20/2010},
}

@misc{cvl,
author={{CVL Face Set}},
title={http://www.lrv.fri.uni-lj.si/facedb.html},
key={Z},
year={Accessed 06/20/2010},
}

@misc{ar,
author={{AR Face Set}},
title="http://cobweb.ecn.purdue.edu/~aleix/ar.html",
key={Z},
year={Accessed 06/20/2010},
}

@misc{pycuda,
author={{PyCUDA}},
title = {http://mathema.tician.de/software/pycuda},
year={Accessed 06/20/2010},
}

@article{phillips2000feret,
  title={{The FERET evaluation methodology for face-recognition algorithms}},
  author={Phillips, P.J. and Moon, H. and Rizvi, S.A. and Rauss, P.J.},
  journal={PAMI},
  year={2000}
}

@article{fukushima1980nso,
  title={{Neocognitron: A self-organizing neural network model for a mechanism of pattern recognition unaffected by shift in position}},
  author={Fukushima, K.},
  journal={Biol Cybernetics},
  year={1980},
}

@article{riesenhuber1999hmo,
  title={{Hierarchical models of object recognition in cortex}},
  author={Riesenhuber, M. and Poggio, T.},
  journal={Nature Neuroscience},
  year={1999},
}

@article{lecun,
  title={{Learning methods for generic object recognition with invariance to pose and lighting}},
  author={LeCun, Y. and Huang, F. and Bottou, L.},
  journal={CVPR},
  year={2004}
}

@book{hinton,
  title={{Neural networks for pattern recognition}},
  author={Bishop, C.M.},
  year={2005},
  publisher={Oxford Univ Pr}
}

@article{ullman2002vfi,
  title={{Visual features of intermediate complexity and their use in classification}},
  author={Ullman, S. and Vidal-Naquet, M. and Sali, E.},
  journal={Nature Neuroscience},
  volume={5},
  number={7},
  pages={682--687},
  year={2002},
  publisher={Nature Publishing Group}
}

@inproceedings{milepost,

  author =    {Grigori Fursin and Cupertino Miranda and Olivier Temam and Mircea Namolaru and Elad Yom-Tov and Ayal Zaks and Bilha Mendelson and Phil Barnard and Elton Ashton and Eric Courtois and Francois Bodin and Edwin Bonilla and John Thomson and Hugh Leather and Chris Williams and Michael O'Boyle},
  title =     {MILEPOST GCC: machine learning based research compiler},
  journal = {Proceedings of the GCC Developers' Summit},
  year =      {2008},
  month =     {June},
  location =  {Ottawa, Canada},
  keys =      {http://www.gccsummit.org/2008}
}

 @article{geisler1992cni,
   title={{Cortical neurons: isolation of contrast gain control.}},
   author={Geisler, W. S. and Albrecht, D. G.},
   journal={Vision Research},
   year={1992}
 }

 @article{rolls2000mio,
 title={{A Model of Invariant Object Recognition in the Visual System: Learning Rules, Activation Functions, Lateral Inhibition, and Information-Based Performance Measures}},
 author={Rolls, E. T. and Milward, T.},
 journal={Neural Computation},
 year={2000},
 publisher={MIT Press}
 }

@article{wolf:accv09,
  title={{Similarity Scores based on Background Samples}},
  author={Wolf, L. and Hassner, T. and Taigman, Y.},
journal={ACCV},
year={2009},
}

@article{taigman:bmvc09,
  title={{Multiple one-shots for utilizing class label information}},
  author={Taigman, Y. and Wolf, L. and Hassner, T. and Tel-Aviv, I.},
  journal={BMVC},
  year={2009}
}


% Human psychophysics papers

@article{bruce:perception86,
title={{Influences of familiarity on the processing of faces}},
author={Bruce, V.},
journal={Perception},
volume={15},
pages={387-397},
year={1986}
}

@article{clutterbuck:perception02,
title={{Exploring levels of face familiarity by using an indirect face-matching measure.}},
author={Clutterbuck, R. and Johnston, R.A.},
journal={Perception},
year={2002}
}

@article{rossion:visualcognition02,
title={{Is sex categorisation from faces really parallel to face recognition?}},
author={Rossion, B.},
journal={Visual Cognition},
year={2002}
}



