
\usepackage{url}

@article{ pinto:imavis_2012,
    author={Pinto, N. and Cox, D. D.},
    title={{High-Throughput-Derived Biologically-Inspired Features for Unconstrained Face Recognition}},
    journal={Image and Vision Computing},
    volume={30},
    issue={3},
    pages={159-168},
    year={2013}
}

@inproceedings{ vig:eccv_2012,
    author={Vig, E. and Dorr, M. and Cox, D. D.},
    title={{Saliency-based Space-Variant Descriptor Sampling for Action Recognition}},
    booktitle={European Conference on Computer Vision},
    year={2012}
}

@inproceedings{ bergstra:inpar_2012,
    author={Bergstra, J. and Pinto, N. and Cox, D. D.},
    title={{Machine Learning for Predictive Auto-Tuning with Boosted Regression Trees }},
    booktitle={IEEE Innovative Parallel Computing},
    year={2012}
}


@inproceedings{ pinto:cvpr_ws_2011,
    author={Pinto, N. and Stone, Z. and Zickler, T. and Cox, D. D.},
    title={{Scaling-up Biologically-Inspired Computer Vision: A Case-Study on Facebook}},
    booktitle={IEEE Computer Vision and Pattern Recognition, Workshop on Biologically Consistent Vision},
    url={http://www.rowland.harvard.edu/cox/pdfs/cvpr2011_ws_fb_manuscript.pdf},
    year={2011}
}

@inproceedings{ vig:icip_2012,
    author={Vig, E. and Dorr, M. and Cox, D. D.},
    title={{Saliency-based Selection Of Sparse Descriptors For Action Recognition}},
    booktitle={International Conference on Image Processing},
    year={2012}
}

@inproceedings{ pinto:fg_2011,
    author={Pinto, N. and Cox, D. D.},
    title={{Beyond Simple Features: A Large-Scale Feature Search Approach to Unconstrained Face Recognition}},
    booktitle={IEEE Automatic Face and Gesture Recognition},
    url={http://www.rowland.harvard.edu/cox/pdfs/fg2011_lfw.pdf},
    year={2011}
}

@incollection{ pinto:gcg2,
    author={Pinto, N. and Cox, D. D.},
    title={{GPU Metaprogramming: A Case Study in Biologically-Inspired Computer Vision}},
    booktitle={GPU Computing Gems, Jade Edition},
    publisher={ Morgan Kaufmann Publishers },

    year={2011}
}


@article{ zoccolan:frontiers_2010,
    author={Zoccolan, D. F. and Graham, B. J. and Cox, D. D.},
    title={{A self-calibrating, camera-based eye tracker for the recording of rodent eye movements}},
    journal={Frontiers in Neuroscience},
    volume={4},



    url={http://www.rowland.harvard.edu/cox/pdfs/fnins-04-00193-1.pdf},
    year={2010}
}


@inproceedings{ sriram:mcrs_2010,
    author={Sriram, V. and Tsoi, K. and Luk, W. and Cox, D. D.},
    title={{A Design-Space Exploration of Biologically-Inspired Visual Object Recognition Algorithms Using CPUs, GPUs and FPGAs}},
    booktitle={Many-Core and Reconfigurable Supercomputing},

    year={2010}
}


@inproceedings{ sriram:fpt_2010,
    author={Sriram, V. and Tsoi, K. and Luk, W. and Cox, D. D.},
    title={{Towards an Embedded Visual Object Recognition Processor}},
    booktitle={Field Programmable Technology},
    url={http://www.rowland.harvard.edu/cox/pdfs/fpt2010_final_manuscript.pdf},
    year={2010}
}




@inproceedings{ pinto:bionetics_2010,
    author={Pinto, N. and Cox, D. D.},
    title={{An Evaluation of the Invariance Properties of a Biologically-Inspired System for Unconstrained Face Recognition}},
    booktitle={ICST Conference on Biologically Inspired Network, Information, and Computing Systems},
    url={http://www.rowland.harvard.edu/cox/pdfs/bionetics2010.pdf},
    year={2010}
}




@article{ mujicaparodi:plosone_2009,
    author={Mujica-Parodi, L. and Strey, H. and Frederick, B. and Savoy, R. L. and Cox, D. D. and Botanov, Y. and Tolkunov, D. and Rubin, D. and Weber, J.},
    title={{Chemosensory Cues to Conspecific Emotional Stress Activate the Amygdala in Humans}},
    journal={PLoS One},
    volume={4},
    number={7},
    pages={e6415},

    url={http://www.rowland.harvard.edu/cox/pdfs/journal.pone.0006415.pdf},
    year={2009}
}





@article{ pinto:plos_2009,
    author={Pinto, N. and Doukhan, D. and DiCarlo, J. J. and Cox, D. D.},
    title={{A High-Throughput Screening Approach to Discovering Good Forms of Biologically Inspired Visual Representation}},
    journal={PLoS Computational Biology},
    volume={5},
    number={11},


    url={http://www.rowland.harvard.edu/cox/pdfs/pinto_plos09.pdf},
    year={2009}
}




@inproceedings{ pinto:cvpr_2009,
    author={Pinto, N. and DiCarlo, J. J. and Cox, D. D.},
    title={{How far can you get with a modern face recognition test set using only simple features?}},
    booktitle={IEEE Computer Vision and Pattern Recognition},
    url={http://www.rowland.harvard.edu/cox/pdfs/pinto-dicarlo-cox-cvpr-2009-mkl.pdf},
    year={2009}
}





@article{ zoccolan:pnas_2009,
    author={Zoccolan, D. and Oertelt, N. and DiCarlo, J. J. and Cox, D. D.},
    title={{A rodent model for the study of invariant visual object recognition}},
    journal={Proceedings of the National Academy of Sciences},
    volume={106},
    number={21},
    pages={8748-8753},
    issn={0027-8424},
    url={http://www.rowland.harvard.edu/cox/pdfs/PNAS-2009-Zoccolan-0811583106.pdf},
    year={2009}
}





@article{ li:jneurophys_2009,
    author={Li, N. and Cox, D. D. and Zoccolan, D. F. and DiCarlo, J. J.},
    title={{What response properties do individual neurons need to underlie position and clutter 'invariant' object recognition?}},
    journal={Journal of Neurophysiology},
    volume={102},
    number={1},
    pages={360-376},
    issn={0022-3077},
    url={http://www.rowland.harvard.edu/cox/pdfs/J_Neurophysiol-2009-Li-360-76.pdf},
    year={2009}
}





@article{ cox:jneurosci_2008,
    author={Cox, D. D. and DiCarlo, J. J.},
    title={{Does learned shape selectivity in inferior temporal cortex automatically generalize across retinal position?}},
    journal={Journal of Neuroscience},
    volume={28},
    number={40},
    pages={10045-10055},

    url={http://www.rowland.harvard.edu/cox/pdfs/10045_full.pdf},
    year={2008}
}




@inproceedings{ pinto:eccv_2008,
    author={Pinto, N. and DiCarlo, J. J. and Cox, D. D.},
    title={{Establishing Good Benchmarks and Baselines for Face Recognition}},
    booktitle={European Conference on Computer Vision, Workshop on Faces in Real Life Images},
    url={http://www.rowland.harvard.edu/cox/pdfs/ECCV_PintoDiCarloCox_2008.pdf},
    year={2008}
}





@article{ pinto:plos_2008,
    author={Pinto*, N. and Cox*, D. D. and DiCarlo, J. J.},
    title={{Why is Real-World Visual Object Recognition Hard?}},
    journal={PLoS Computational Biology},
    volume={4},
    number={1},


    url={http://www.rowland.harvard.edu/cox/pdfs/pinto_plos08.pdf},
    year={2008}
}





@article{ cox:jneurophys_2008,
    author={Cox, D. D. and Papanastassiou, A. M. and Oreper, D. and Andken, B. B. and DiCarlo, J. J.},
    title={{High-resolution three-dimensional microelectrode brain mapping using stereo microfocal x-ray imaging}},
    journal={Journal of Neurophysiology},
    volume={100},
    number={5},
    pages={2966-2976},
    issn={0022-3077},
    url={http://www.rowland.harvard.edu/cox/pdfs/J_Neurophysiol-2008-Cox-2966-76.pdf},
    year={2008}
}





@article{ balas:plos_2007,
    author={Balas, B. and Cox, D. D. and Conwell, E.},
    title={{The effect of real-world personal familiarity on the speed of face information processing}},
    journal={PloS One},
    volume={2},
    number={11},
    pages={1223},
    issn={1932-6203},
    url={http://www.rowland.harvard.edu/cox/pdfs/pone.0001223.pdf},
    year={2007}
}





@article{ dicarlo:tics_2007,
    author={DiCarlo, J. J. and Cox, D. D.},
    title={{Untangling invariant object recognition}},
    journal={Trends in Cognitive Sciences},
    volume={11},

    pages={333-341},

    url={http://www.rowland.harvard.edu/cox/pdfs/TICS_DiCarloCox_2007.pdf},
    year={2007}
}





@article{ cox:natneuro_2005,
    author={Cox, D. D. and Meier, P. and Oertelt, N. and DiCarlo, J. J.},
    title={{'Breaking' position-invariant object recognition}},
    journal={Nature Neuroscience},
    volume={8},
    number={9},
    pages={1145-1147},
    issn={1097-6256},
    url={http://www.rowland.harvard.edu/cox/pdfs/NN_CoxDiCarlo_2005.pdf},
    year={2005}
}




@article{ zoccolan:jneurosci_2005,
    author={Zoccolan*, D. and Cox*, D. D. and DiCarlo, J. J.},
    title={{Multiple object response normalization in monkey inferotemporal cortex}},
    journal={Journal of Neuroscience},
    volume={25},
    number={36},
    pages={8150-8164},

    url={http://www.rowland.harvard.edu/cox/pdfs/8150.full.pdf},
    year={2005}
}




@article{ cox:science_2004,
    author={Cox, D. D. and Meyers, E. and Sinha, P.},
    title={{Contextually evoked object-specific responses in human visual cortex}},
    journal={Science},
    volume={304},
    number={5667},
    pages={115-117},

    url={http://www.rowland.harvard.edu/cox/pdfs/Science_CoxMeyersSinha_2004.pdf},
    year={2004}
}



@article{ cox:neuroimage_2003,
    author={Cox, D. D. and Savoy, R.},
    title={{fMRI 'Brain Reading': detecting and classifying distributed patterns of fMRI activity in human visual cortex}},
    journal={NeuroImage},
    volume={19},
    number={2},
    pages={261-270},

    url={http://www.rowland.harvard.edu/cox/pdfs/Neuroimage_CoxSavoy_2003.pdf},
    year={2003}
}

