@article{chellappa_2010,
  title={{Face Recognition by Computers and Humans}},
  author={R. Chellappa and P. Sinha and P.J. Phillips},
  journal={Computer},
  volume={43},
  number={2},
  pages={46-55},
  year={2010}
}

@article{sinha_2006,
  title={{Face Recognition by Humans: Nineteen Results All Computer Vision Researchers Should Know About}},
  author={P. Sinha and B. Balas and Y. Ostrovsky and R. Russell},
  journal={Proceedings of the IEEE},
  volume={94},
  number={11},
  pages={1948-1962},
  year={2006}
}

@InBook{sinha_2005,
  author = {P. Sinha and B. Balas and Y. Ostrovsky and R. Russell},
  title =        {{Face Recognition: Advanced Modeling and Methods}},
  chapter =  {{Face Recognition by Humans}},
  publisher =    {Academic Press},
  year =         {2005}
 }
 
 @TechReport{LFWTech,
  author =       {Gary B. Huang and Manu Ramesh and Tamara Berg and 
                  Erik Learned-Miller},
  title =        {{Labeled Faces in the Wild: A Database for Studying 
                  Face Recognition in Unconstrained Environments}},
  institution =  {University of Massachusetts, Amherst},
  year =         2007,
  number =       {07-49},
  month =        {October}}
  
 @article{otoole_2012,
  title={{Demographic Effects on Estimates of Automatic Face Recognition Performance}},
  author={A.J. O'Toole and P.J. Phillips and X. An and J. Dunlop},
  journal={Image and Vision Computing},
  volume={30},
  number={3},
  pages={169-176},
  year={2012}
}

@InBook{otoole_2011a,
  author = {A.J. O'Toole},
  title =        {{Handbook of Face Recognition (2nd Edition)}},
  chapter =  {{A Comparative Examination of Face Recognition by Humans and Machines}},
  publisher =    {Springer-Verlag},
  year =         {2011}
  }
  
 @InProceedings{phillps_2011a,
  author = 	 {P. J. Phillips and J.R. Beveridge and B.A. Draper and G. Givens and A.J. O'Toole and D. Bolme and J. Dunlop and Y.M. Lui and H. Sahizada and S. Wiemer},
  title = 	 {An Introduction to the Good, Bad, \& Ugly Challenge Problem},
  booktitle =	 {Proceedings 9th IEEE International Conference on Automatic Face and Gesture Recognition},
  year =	 2011,
  month =	 {March}
}

@article{phillips_2011b,
  title={{An Other-race Effect for Face Recognition Algorithms}},
  author={P.J. Phillips and A. Narvekar and F. Jiang and A.J. O'Toole},
  journal={ACM Transactions on Applied Perception (TAP)},
  volume={8},
  number={2},
  year={2011}
}

@article{phillips_2010,
  title={{Face Recognition Vendor Test 2006 and Iris Challenge Evaluation 2006 Large-Scale Experimental Results}},
  author={P.J. Phillips and W.T. Scruggs and A.J. O'Toole and P.J. Flynn and K.W. Bowyer and C.L. Schott and M. Sharpe},
  journal={IEEE Transactions on Pattern Analysis and Machine Intelligence (TPAMI)},
  volume={32},
  number={5},
  pages = {831-846},
  year={2010}
}

@InProceedings{phillps_2009,
  author = 	 {P.J. Phillips and P.J. Flynn and J.R. Beveridge and W.T. Scruggs and A.J. OÕToole and D. Bolme and K.W. Bowyer and G.H. Givens and Y.M. Lui and H. Sahibzada and J. Scallan and S. Weimer},
  title = 	 {Overview of the Multiple Biometrics Grand Challenge},
  booktitle =	 {Proceedings of the 3rd International Conference on Biometrics},
  year =	 2009,
  month =	 {June}
}

@InProceedings{otoole_2008a,
  author = 	 {A.J. O'Toole and P.J. Phillips and A. Narvekar},
  title = 	 {{Humans Versus Algorithms: Comparisons from the Face Recognition Vendor Test 2006}},
  booktitle =	 {Proceedings 8th IEEE International Conference on Automatic Face and Gesture Recognition},
  year =	 2008,
  month =	 {September}
}

@article{otoole_2007a,
  title={{Face Recognition Algorithms Surpass Humans Matching Faces Across Changes in Illumination}},
  author={A.J. OÕToole and P.J. Phillips and F. Jiang and J. Ayyad and N. Penard and H. Abdi},
  journal={IEEE Transactions on Pattern Analysis and Machine Intelligence (TPAMI)},
  volume={29},
  number={9},
  pages = {1642-1646},
  year={2007}
}

@article{otoole_2007b,
  title={{Fusing Face Recognition Algorithms and Humans}},
  author={A.J. O'Toole and H. Abdi and F. Jiang and P.J. Phillips},
  journal={IEEE Transactions on Systems, Man \& Cybernetics},
  volume={37},
  number={5},
  pages = {1149-1155},
  year={2007}
}

@InProceedings{Scheirer_2012,
author = {Walter J. Scheirer and Neeraj Kumar and Peter N. Belhumeur and Terrance E. Boult},
title = {Multi-Attribute Spaces: Calibration for Attribute Fusion and Similarity Search},
booktitle = {The IEEE Conference on Computer Vision and Pattern Recognition (CVPR)},
month = {June},
year = {2012}
}

@article{kamgar-parsi_2007a,
  title={{Toward Development of a Face Recognition System for Watchlist Surveillance}},
  author={B. Kamgar-Parsi and W.E. Lawson and B. Kamgar-Parsi},
  journal={IEEE Transactions on Pattern Analysis and Machine Intelligence (TPAMI)},
  volume={33},
  number={10},
  pages = {1925-1937},
  year={2011}
}

@InProceedings{w-score-eccv10,
  author = "Walter J. Scheirer and  A. Rocha and {R.J.} Micheals and Terrance E. Boult",
  title = "Robust {F}usion: {E}xtreme {V}alue {T}heory for {R}ecognition {S}core {N}ormalization",
  booktitle =    "ECCV",
  month = "September",
  year      = "2010",
}

@article{Scheirer_2011_TPAMI,
author = {Walter J. Scheirer and Anderson Rocha and Ross Michaels and Terrance E. Boult},
title = {{Meta-Recognition: The Theory and Practice of Recognition Score Analysis}},
journal = {IEEE TPAMI},
volume = {33},
number = {8},
pages = {1689--1695},
month = {August},
year = {2011}
}

@InProceedings{moorthy_btas2010,
  author = "A. K. Moorthy and A. Mittal and S. Jahanbin and K. Grauman and A. C. Bovik",
  title = {{3D Facial Similarity: Automatic Assessment versus Perceptual Judgements}},
  booktitle =    "IEEE BTAS",
  year      = "2010",
}

@InProceedings{douze_cvpr2011,
  author = "M. Douze and A. Ramisa and C. Schmid",
  title = {{Combining Attributes and Fisher Vectors for Efficient Image Retrieval}},
  booktitle =    "IEEE CVPR",
  month = "June",
  year      = "2011",
}

@InProceedings{holub_afgr2008,
  author = "A. Holub and P. Moreels and P. Perona",
  title = {{Unsupervised Clustering for Google Searches of Celebrity Images}},
  booktitle =    "IEEE AFGR",
  month = "September",
  year      = "2008",
}

@InProceedings{Siddiquie_cvpr2011,
  author = "B. Siddiquie and R. Feris and L. Davis",
  title = {{Image Ranking and Retrieval Based on Multi-Attribute Queries}},
  booktitle =    "IEEE CVPR",
  month = "June",
  year      = "2011",
}

@article{facever_pami2010,
author = {Neeraj Kumar and Alexander C. Berg and Peter N. Belhumeur and Shree K. Nayar},
title = {{Describable Visual Attributes for Face Verification and Image Search}},
journal = {IEEE TPAMI},
volume = {33},
number = {10},
month = {October},
pages = {1962--1977},
year = {2011}
}

@InProceedings{farhadi_cvpr2009,
  author = "A. Farhadi and I. Endres and D. Hoiem and D. Forsyth",
  title = {{Describing Objects by their Attributes}},
  booktitle =    "IEEE CVPR",
  month = "June",
  year      = "2009",
}

@InProceedings{parikh_iccv2011,
  author = "D. Parikh and K. Grauman",
  title = {{Relative Attributes}},
  booktitle =    "IEEE ICCV",
  month = "November",
  year      = "2011",
}

@InProceedings{ferrari_nips07,
   author = "Ferrari, V. and Zisserman, A.",
   year = "2007",
   title = {{Learning Visual Attributes}},
   booktitle = {NIPS},
   month = "December"
}

@InProceedings{berg_eccv2010,
  author = {Tamara L. Berg and Alexander C. Berg and Jonathan Shih},
  title = {{Automatic Attribute Discovery and Characterization from Noisy Web Data}},
  booktitle = {ECCV},
  month = {October},
  year = {2010},
}

@inproceedings{berg_cvpr2011,
   author = {Kulkarni, G. and Premraj, V. and Dhar, S. and Siming Li and Yejin Choi and Berg, A.C. and Berg, T.L.},
   title = {{Baby Talk: Understanding and Generating Simple Image Descriptions}},
   booktitle = {IEEE CVPR},
   month = {November},
   year = {2011},
}

@InBook{pinker_1986,
  author = {S. Pinker},
  title =        {{Visual Cognition (Computational Models of Cognition and Perception)}},
  chapter =  {{Visual Cognition: An Introduction}},
  publisher =    {MIT Press},
  year =         {1986}
 }

@InProceedings{Duan_2012,
author = {K. Duan and D. Parikh and D. Crandall and K. Grauman},
title = {Discovering Localized Attributes for Fine-grained Recognition},
booktitle = {The IEEE Conference on Computer Vision and Pattern Recognition (CVPR)},
month = {June},
year = {2012}
}

@InProceedings{Parkash_2012,
author = {A. Parkash and D. Parikh},
title = {Attributes for Classifier Feedback},
booktitle = {ECCV},
month = {October},
year = {2012}
}

@inproceedings{lampert,
   author = {Lampert, C.H. and  H. Nickisch and S. Harmeling},
   title = {{Learning To Detect Unseen Object Classes by Between-Class Attribute Transfer}},
   booktitle = {IEEE CVPR},
   month = {June},
   year = {2009},
}

@inproceedings{parikh_cvpr2011,
   author = {Parikh, D. and Grauman, K.},
   title = {{Interactively Building a Discriminative Vocabulary of Nameable Attributes}},
   booktitle = {IEEE CVPR},
   month = {June},
   year = {2011},
}

@InProceedings{tighe_iccv2011,
  author = {J. Tighe and S. Lazebnik},
  title = {{Understanding Scenes on Many Levels}},
  booktitle =    "IEEE ICCV",
  month = "November",
  year      = "2011",
}

@InProceedings{siddiquie_cvpr2010,
  author = "B. Siddiquie and A. Gupta",
  title = {{Beyond Active Noun Tagging: Modeling Contextual Interactions for Multi-Class Active Learning}},
  booktitle =    "IEEE CVPR",
  month = "June",
  year      = "2010",
}

@inproceedings{biotoken-07,
author="T. Boult,  W. Scheirer and R. Woodworth",
title={{Secure Revocable Finger Biotokens}},
booktitle="Proc. of the {IEEE} Conference on Computer Vision and Pattern Recognition (CVPR 2007)",
year="2007"
}

@inproceedings{biocrypt,
author="W. Scheirer and T. Boult",
title="Bio-cryptographic {P}rotocols {W}ith {B}ipartite {B}iotokens",
booktitle="Proc. of the  {IEEE} 2008 Biometrics Symposium, held in conjunction with the Biometrics Consortium Conference",
year="2008"
}

@InProceedings{cracking,
  author    = "W. Scheirer and T. Boult",
  title     = "Cracking {F}uzzy {V}aults and {B}iometric {E}ncryption",
  booktitle = "Proc. of the 2007 Biometrics Symposium, held in conjunction with the Biometrics Consortium Conference (BCC 2007), Baltimore, MD.",
  year      = "2007"
 }
 
 @InProceedings{bipartite-icb-09,
  author =       {{W.J.} Scheirer and T. E. Boult},
  title =        { {Bipartite Biotokens: Definition, Implementation, and Analysis}},
  booktitle = {Int. Conf. on Biometrics},
  pages =     {775-785},
  year =      2009,
  series =    {Advances in Biometrics},
  month =     {June},
  volume = {5558},
  publisher = {Springer}}
  
  @InProceedings{BKI-Wifs,
  author =       {W. Scheirer and W. Bishop and T. Boult},
  title =        {{Beyond PKI: The Biocyptographic Key Infrastructure}},
  booktitle = {{IEEE} Workshop on Information Forensics and Security},
  year =      2010,
  month =     {Dec},
  organization = {{IEEE} SPS}}
  
@InBook{scheirer_2012_bki,
  author = {W. Scheirer and B. Bishop and T. Boult},
  title =        {{Security and Privacy in Biometrics}},
  chapter =  {{Beyond PKI: The Biocryptographic Key Infrastructure}},
  publisher =    {Springer-Verlag},
  editor = {P. Campisi},
  year =         {2012}
 } 
 
 @TechReport{ARTech,
  author =       {A.M. Martinez and R. Benavente},
  title =        {{The AR Face Database}},
  institution =  {CVCt},
  year =         1998,
  number =       {24},
  month =        {June}}
  
@article{ma_pami,
author = {J. Wright and A. Yang and A. Ganesh and and S.S. Sastry and Y. Ma},
title = {{Robust Face Recognition via Sparse Representation}},
journal = {IEEE TPAMI},
volume = {31},
number = {2},
month = {February},
pages = {210--227},
year = {2009}
}

@article{turk_pami,
author = {J. Kim and J. Choi and J. Yi and M. Turk},
title = {{Effective Representation Using ICA for Face Recognition Robust to Local Distortion and Partial Occlusion}},
journal = {IEEE TPAMI},
volume = {27},
number = {12},
month = {December},
pages = {1977--1981},
year = {2005}
}

@InProceedings{attribute_classifiers,
author = {N. Kumar and A. C. Berg and P. N. Belhumeur and S. K. Nayar},
title = {{A}ttribute and {S}imile {C}lassifiers for {F}ace {V}erification},
booktitle = {IEEE International Conference on Computer Vision (ICCV)},
month = {Oct},
year = {2009}
}

@article{phillips_feret,
author = {P. J. Phillips and H. Moon and P. J. Rauss and S. Rizvi},
title = {{The FERET Evaluation Methodology for Face Recognition Algorithms}},
journal = {IEEE TPAMI},
volume = {22},
number = {10},
month = {October},
pages = {1090--1104},
year = {2000}
}

@article{scface,
author = {Mislav Grgic and Kresimir Delac and Sonja Grgic},
title = {{Surveillance Cameras Face Database}},
journal = {Multimedia Tools and Applications Journal},
volume = {51},
number = {3},
month = {February},
pages = {863--879},
year = {2011}
}

@InProceedings{annotated_wild,
author = {M. Kostinger and P. Wohlhart and P. M. Roth and H. Bischof},
title = {{Annotated Facial Landmarks in the Wild: A Large-scale, Real-world Database for Facial Landmark Localization}},
booktitle = {First IEEE International Workshop on Benchmarking Facial Image Analysis Technologies },
year = {2011}
}

@article{multipie,
author = {R. Gross and I. Matthews and J.F. Cohn and T. Kanade and S. Baker},
title = {{Multi-PIE}},
journal = {Image and Vision Computing},
volume = {28},
number = {5},
pages = {807--813},
year = {2010}
}

@InProceedings{Scheirer_2011_IJCB,
author = {Walter J. Scheirer and Neeraj Kumar and Karl Ricanek and Terrance E. Boult and Peter N. Belhumeur},
title = {Fusing with Context: a Bayesian Approach to Combining Descriptive Attributes},
booktitle = {The IEEE International Joint Conference on Biometrics (IJCB)},
month = {October},
year = {2011}
}

@misc{mughunt,
author={{MugHunt}},
title="http://mughunt.securics.com",
key={Z},
year={Accessed 09/18/2012},
}

@article{Scheirer_2012_TIFS,
author = {Walter J. Scheirer and Anderson Rocha and Jonathan Parris and Terrance E. Boult},
title = {Learning for Meta-Recognition},
journal = {IEEE Transactions on Information Forensics and Security (TIFS)},
volume = {7},
issue = {4},
month = {August},
year = {2012}
}

@book{settles,
   author = "B. Settles",
   title = "Active Learning",
   publisher = "Morgan \& Claypool",
   year = 2012
 }

@InProceedings{Kunapuli_2011,
author = {G. Kunapuli and R. Maclin and J. Shavlik},
title = {Advice Refinement for Knowledge-based Support Vector Machines},
booktitle = {Advances in Neural Information Processing Systems (NIPS)},
month = {December},
year = {2011}
}

@InProceedings{Small_2011,
author = {K. Small and B.C. Wallace and C.E. Brodley and T.A. Trikalinos},
title = {The Constrained Weight Space SVM: Learning with Ranked Features},
booktitle = { Proceedings of the International Conference on Machine Learning (ICML)},
year = {2011}
}

@article{Ganchev_2010,
author = {K. Ganchev and J. Graa and J. Gillenwater and B. Taskar},
title = {{Posterior Regularization for Structured Latent Variable Models}},
journal = {Journal of Machine Learning Research},
volume = {11},
year = {2010},
pages={2001--2049}
}

@article{Mann_2010,
author = {G.S. Mann and A. McCallum},
title = {{Generalized Expectation Criteria for Semi-supervised Learning with Weakly Labeled Data}},
journal = {Journal of Machine Learning Research},
volume = {11},
year = {2010},
pages={955--984}
}

@InProceedings{Vijayanarasimhan_2009a,
author = {S. Vijayanarasimhan and K. Grauman},
title = {{WhatÕs it going to cost you? Predicting effort vs. informativeness for multi-label image annotations}},
booktitle = {The IEEE Conference on Computer Vision and Pattern Recognition (CVPR)},
month = {June},
year = {2009}
}

@InProceedings{Vijayanarasimhan_2009b,
author = {G. Kunapuli and R. Maclin and J. Shavlik},
title = {Multi-level Active Prediction of Useful Image Annotations for Recognition},
booktitle = {Advances in Neural Information Processing Systems (NIPS)},
month = {December},
year = {2009}
}

@InProceedings{Settles_2008,
author = {B. Settles and M. Craven and S. Ray},
title = {Multiple-instance Active Learning},
booktitle = {Advances in Neural Information Processing Systems (NIPS)},
month = {December},
year = {2008}
}

@InProceedings{Qi_2008,
author = {G.J. Qi and X.S. Hua and Y. Rui and J. Tang and H.J. Zhang.},
title = {{Two-dimensional Active Learning for Image Classification}},
booktitle = {The IEEE Conference on Computer Vision and Pattern Recognition (CVPR)},
month = {June},
year = {2008}
}

@InProceedings{Vijayanarasimhan_2010a,
author = {Sudheendra Vijayanarasimhan and Prateek Jain and Kristen Grauman},
title = {{Far-sighted Active Learning on a Budget for Image and Video Recognition}},
booktitle = {The IEEE Conference on Computer Vision and Pattern Recognition (CVPR)},
month = {June},
year = {2010}
}

@InProceedings{Vijayanarasimhan_2011,
author = {Sudheendra Vijayanarasimhan and Kristen Grauman},
title = {{Large-Scale Live Active Learning: Training Object Detectors with Crawled Data and Crowds}},
booktitle = {The IEEE Conference on Computer Vision and Pattern Recognition (CVPR)},
month = {June},
year = {2011}
}

@InProceedings{Biswas_2012,
author = {Arijit Biswas and David Jacobs},
title = {{Active Image Clustering: Seeking Constraints from Humans to Complement Algorithms}},
booktitle = {The IEEE Conference on Computer Vision and Pattern Recognition (CVPR)},
month = {June},
year = {2012}
}

@article{goren_1975,
 title={{Visual following and pattern discrimination of face-like stimuli by newborn infants}},
 author={C.C Goren and M Sarty and P.Y.K Wu},
 journal={Pediatrics},
 volume={56},
 number={4},
 pages={544-549},
 year={1975}
}

@article{valenza_1996,
 title={{Face preference at birth}},
 author={E Valenza and F. Simion and V.M. Cassia and C. Umilt\`{a}},
 journal={Journal of Experimental Psychology: Human Perception and Performance},
 volume={22},
 number={4},
 pages={892-903},
 year={1996}
}

@InProceedings{viola_2001,
author = {M.J. Jones and P. Viola},
title = {Robust Real-time Object Detection},
booktitle = {Second International Workshop on Statistical and Computational Theories of Vision},
month = {July},
year = {2001}
}

@InProceedings{scheirer_2009,
  author = "W. Scheirer and A. Rocha and B. Heflin and T. Boult",
  title = {{Difficult Detection: A Comparison of Two Different Approaches to Eye Detection for Unconstrained Environments}},
  booktitle =    "IEEE BTAS",
  year      = "2009",
}

@InProceedings{heflin_2012,
  author = "B. Heflin and W. Scheirer and T. Boult",
  title = {{For Your Eyes Only}},
  booktitle =    "IEEE WACV",
  year      = "2012",
}

@InProceedings{iyer_2010a,
  author = "V. Iyer and S. Kirkbride and B. Parks and W. Scheirer and T. Boult",
  title = {{A Taxonomy of Face Models for System Evaluation}},
  booktitle =    "IEEE Workshop on Analysis and Modeling of Faces and Gestures (AMFG)",
  year      = "2010",
}

@InProceedings{iyer_2010b,
  author = "V. Iyer and W. Scheirer and T. Boult",
  title = {{A Taxonomy of Face Models for System Evaluation}},
  booktitle =    "IEEE BTAS",
  year      = "2010",
}

@book{Bishop_2006,
	Author = {Christopher M. Bishop},
	Edition = {1},
	Publisher = {Springer},
	Title = {{Pattern Recognition and Machine Learning}},
	Year = {2006}}
		
@InBook{ullman_1986,
  author = {Shimon Ullman},
  title =        {{Visual Cognition (Computational Models of Cognition and Perception)}},
  chapter =  {{Visual Routines}},
  publisher =    {MIT Press},
  year =         {1986}
 }

@article{germine_2012,
 title={{Is the web as good as the lab? Comparable performance from web and lab in cognitive/perceptual experiments.}},
 author={L. Germine and K. Nakayama and B.C. Duchaine and C.F. Chabris and G. Chatterjee and J.B. Wilmer},
 journal={Psychonomic Bulletin \& Review},
 year={2012}
}

@book{lord_1968,
	Author = {F.M. Lord and M.R. Novick},
	Edition = {1},
	Publisher = {Addison-Wesley},
	Title = {{Statistical theories of mental test scores}},
	Year = {1968}
}

@article{duchaine_2003,
  title={{Normal recognition of emotion in a prosopagnosic.}},
  author={B.C. Duchaine and H. Parker, H. and K. Nakayama},
  journal={Perception},
  year={2003},
  volume={32},
  issue={7},
  pages={827-3}
}

@article{chatterjee_2009,
  title={{Non-identity based facial information processing in developmental prosopagnosia}},
  author={G. Chatterjee and R. Russell and K. Nakayama},
  journal={Journal of Vision},
  year={2009},
  volume={9},
  issue={8},
  pages={488}
}

@article{chatterjee_2010,
  title={{Non-identity based information processing in developmental prosopagnosia}},
  author={G. Chatterjee and B. Duchaine and K. Nakayama},
  journal={Journal of Vision},
  year={2010},
  volume={10},
  issue={7},
  pages={584}
}


% citations for ken's NSF previous participation; I don't know if these go here
@article{pepperberg:animcog_2012,
  title={{Further evidence for addition and numerical competence by a Grey parrot (Psittacus erithacus).}},
  author={I.M. Pepperberg},
  journal={Animal Cognition},
  year={2012},
  doi={10.1007/s10071-012-0470-5}
}

@article{peron:animcog_2012,
  title={{A study of reciprocity in Grey parrots (Psittacus erithacus)}},
  author={F. Peron and M. Johns and S. Sapowicz and D. Bovet and I.M. Pepperberg },
  journal={Animal Cognition},
  year={2012}
}

@article{pepperberg:pending_2012,
  title={{Inferential abilities of Grey parrots: Exclusion}},
  author={I.M. Pepperberg and A. Koepke and P. Livingston and M. Girard and L.A. Hartsfield, L.A.},
}

@article{pepperberg:jvis_2012,
  title={{Recognition of Amodal and Modally Completed Shapes by a Grey Parrot (Psittacus erithacus)}},
  author={I.M. Pepperberg},
  journal={Journal of Vision},
  year={2012},
  volume={12},
  issue={9},
  pages={307},
  doi={doi:10.1167/12.9.307}
}

@InProceedings{Jain_2011,
author = {Vidit Jain and E. Learned-Miller},
title = {{Online Domain Adaptation of a Pre-Trained Cascade of Classifiers}},
booktitle = {The IEEE Conference on Computer Vision and Pattern Recognition (CVPR)},
month = {June},
year = {2011}
}

@InProceedings{Zhu_2012,
author = {X. Zhu and D. Ramanan},
title = {{Face Detection, Pose Estimation and Landmark Localization in the Wild}},
booktitle = {The IEEE Conference on Computer Vision and Pattern Recognition (CVPR)},
month = {June},
year = {2012}
}

@article{heisele_2007,
  title={{A Component-based Framework for Face Detection and Identification)}},
  author={B. Heisele and T. Serre and T. Poggio},
  journal={International Journal of Computer Vision},
  year={2007},
  volume={74},
  issue={2},
  pages={167-181}
}

@TechReport{fddbTech,
  author = {Vidit Jain and Erik Learned-Miller},
  title =  {FDDB: A Benchmark for Face Detection in Unconstrained Settings},
  institution =  {University of Massachusetts, Amherst},
  year = {2010},
  number = {UM-CS-2010-009}
  }
  
  @InProceedings{chiachia:bmvc_2012,
author = {G. Chiachia and N Pinto and William Schwartz and Anderson Rocha and Alexandre Falcao and David Cox},
title = {{Person-Specific Subspace Analysis for Unconstrained Familiar Face Identification}},
booktitle = {British Machine Vision Conference},
month = {September},
year = {2012}
}